4826 6178
1362 689 1418 768 22

595 891 693 989 quod
725 891 828 962 initio
859 890 946 960 anni
979 891 1071 960 sacri
1105 911 1127 958 a
1161 911 1247 962 vera
1280 896 1491 983 computato
1510 887 1541 986 1)
1574 903 1715 986 septem
1744 889 1993 962 hebdomades
2018 889 2185 985 priores,

594 1021 724 1118 quibus
749 1019 1019 1090 frumentorum
1045 1017 1161 1087 omnis
1186 1019 1327 1112 generis
1353 1019 1477 1089 messis
1501 1021 1633 1115 ubique
1659 1033 1695 1092 et
1722 1023 1895 1116 incipitur
1920 1031 1958 1090 et
1983 1021 2183 1092 absoluitur

595 1151 753 1245 annique
778 1150 889 1219 totius
925 1148 1023 1218 dona
1054 1147 1244 1220 utilissima
1277 1147 1516 1242 colliguntur,
1554 1150 1654 1223 velut
1683 1161 1790 1244 porta
1815 1152 1901 1220 anni
1926 1149 2082 1228 nobilior
2108 1151 2185 1220 siue

593 1280 762 1350 introitus
782 1279 941 1352 sanctior
964 1279 1124 1347 secuturi
1144 1278 1230 1347 anni
1249 1277 1444 1348 decursum
1466 1302 1690 1374 praeparans
1710 1281 1991 1375 distinguuntur.
2042 1281 2185 1352 Deinde

505 1469 507 1474 .
594 1433 658 1500 eo,
692 1409 790 1505 quod
815 1409 935 1481 vernis
961 1407 1061 1478 feriis
1089 1431 1164 1478 non
1189 1408 1258 1477 nisi
1280 1417 1318 1480 vt
1343 1409 1500 1500 praeuiis
1523 1420 1560 1477 et
1584 1410 1623 1478 in
1648 1408 1773 1480 limine
1798 1412 1886 1481 noui
1907 1411 1996 1480 cuni
2017 1432 2186 1481 necessa-

593 1539 655 1608 riis
680 1537 926 1630 celebrandis,
961 1540 1117 1634 septimo
1152 1546 1281 1608 contra
1316 1561 1440 1610 mensa
1472 1562 1562 1632 prae
1592 1541 1732 1609 ceteris·
1752 1550 1796 1612 vt
1822 1542 2002 1612 mensium
2029 1539 2187 1612 Sabbato

591 1667 818 1764 insigniendo
851 1679 887 1738 et
910 1669 949 1736 in
973 1668 1058 1737 anni
1085 1668 1187 1762 quasi
1216 1667 1358 1763 fastigio
1384 1667 1596 1740 collocando
1628 1671 1794 1738 omnium
1819 1671 1929 1740 totins
1957 1671 2043 1740 enni
2068 1669 2184 1740 leria-

593 1823 676 1870 rum
702 1819 817 1870 nexus
843 1799 1063 1868 arctissimus
1087 1821 1108 1866 e
1133 1819 1242 1866 sensu
1263 1821 1349 1871 vere
1371 1799 1529 1868 mosaico
1555 1798 1775 1889 restituitur,
1800 1822 1960 1893 quocum
1979 1799 2072 1870 bene
2092 1823 2187 1870 con-

592 1931 724 2024 spirat,
750 1929 849 2024 quod
873 1930 1047 2023 septimus
1070 1931 1223 2019 mensis,
1250 1929 1311 2022 qui
1332 1938 1386 1998 est
1412 1926 1670 2017 auctumnalis,
1693 1939 1776 2021 post
1798 1953 1946 2000 omnem
1968 1929 2056 2000 anni
2076 1927 2187 2002 vber-

592 2069 702 2128 tatem
735 2059 894 2154 vndique
925 2058 1114 2129 collectam
1140 2079 1209 2152 per
1232 2077 1272 2126 se
1298 2057 1372 2127 otio
1402 2055 1558 2150 longiori
1582 2057 1742 2129 maxime
1767 2058 1919 2130 idonens
1933 2069 2009 2130 ‘est
2061 2059 2187 2153 ltaque

591 2188 689 2258 inter
715 2187 808 2258 festa
837 2189 1016 2260 mensium
1046 2188 1155 2282 primi
1185 2207 1229 2256 ae
1259 2187 1404 2282 septimi
1433 2186 1578 2280 gemina
1603 2196 1640 2258 et
1662 2187 1825 2281 aequalia
1848 2189 2037 2260 auctumni
2055 2199 2186 2261 'umen

591 2315 706 2386 seriae
731 2317 995 2412 splendidiores
1022 2327 1130 2415 etque
1157 2315 1372 2388 excelsiores
1397 2325 1501 2388 sunt:
1538 2339 1683 2410 quoquc
1716 2325 1814 2389 totus
1846 2320 1982 2390 mensis
2012 2320 2187 2414 septimus

592 2445 661 2518 hac
686 2448 875 2519 maiestate
904 2447 1036 2518 clarius
1062 2449 1177 2518 niteat
1199 2471 1241 2518 ac
1272 2447 1417 2542 dignius
1445 2446 1614 2540 incipiat,
1645 2469 1744 2518 noua
1770 2450 1847 2518 eine
1874 2447 1962 2520 luna
1987 2449 2065 2522 sola
2089 2451 2187 2521 inter

591 2577 764 2671 aequales
795 2557 879 2648 suas
914 2578 1025 2648 annui
1058 2574 1141 2646 festi
1171 2575 1405 2671 splendorem
1439 2575 1593 2649 induere
1626 2576 1723 2647 iussa
1756 2587 1821 2650 est.
1880 2577 2069 2674 Denique,
2102 2603 2186 2652 oum

591 2707 787 2800 septimum
815 2707 1046 2778 nouilunium
1071 2706 1123 2775 ita
1151 2705 1199 2776 ad
1225 2728 1431 2776 annuorum
1459 2703 1638 2778 festorum
1666 2705 1892 2778 nobilitatem
1918 2710 2087 2800 accedat,
2118 2712 2187 2780 toti

496 2867 500 2876 ·
590 2845 715 2906 temen
749 2859 846 2908 anno
879 2836 1029 2906 omnino
1055 2859 1132 2907 non
1161 2837 1231 2908 nisi
1261 2835 1402 2930 s'eptem
1426 2837 1506 2908 dies
1525 2836 1626 2929 sesti
1650 2837 1828 2933 penegyri
1853 2837 2022 2910 destinati
2047 2838 2186 2943 (³8,po

591 2966 691 3068 diff)
717 2965 793 3036 dati
817 2975 913 3055 sunt,
941 2978 981 3036 vt
1005 2969 1136 3061 septies
1163 2935 1356 3063 quotannis
1380 2967 1539 3062 populus
1565 2966 1612 3038 ad
1637 2967 1759 3038 locum
1785 2991 1930 3038 sacrum
1957 2979 2187 3064 congregen-

588 3093 658 3165 dus
683 3095 748 3166 sit:
782 3093 914 3188 reliqui
939 3096 1037 3166 enim
1064 3098 1141 3170 dies
1165 3097 1303 3168 sacris
1331 3094 1578 3170 sacerdotibus
1602 3107 1744 3170 tantum
1773 3097 1932 3169 obeundi
1960 3107 2075 3170 erant.
2125 3097 2186 3168 sic

590 3223 805 3294 constitutus
834 3223 922 3293 enni
948 3223 1048 3294 orbis
1071 3225 1124 3296 ita
1147 3226 1376 3317 deuoluitur,
1406 3236 1447 3300 rt
1470 3226 1573 3319 prior
1599 3227 1676 3298 eins
1700 3249 1785 3323 pars
1815 3252 1838 3298 a
1862 3230 1951 3300 noui
1977 3229 2065 3299 anni
2089 3237 2189 3300 meta

590 3353 792 3450 primisque
823 3349 989 3447 frugibus
1021 3356 1265 3451 percipiendis
1298 3356 1468 3450 incipiet,
1497 3355 1680 3450 posterior
1711 3356 1758 3427 ab
1792 3359 1964 3430 extremis
1994 3359 2069 3428 iam
2098 3379 2189 3454 per-

591 3483 706 3577 ceptis
733 3484 907 3578 omnique
933 3483 1056 3556 annui
1082 3483 1246 3558 vbertete
1270 3483 1413 3581 gustati
1437 3485 1709 3582 proficiscatur,
1733 3497 1845 3582 vtque
1868 3500 1972 3580 vota,
1998 3510 2090 3584 quae
2114 3488 2189 3560 ini-

589 3611 641 3682 tio
672 3611 786 3704 fiunt,
816 3615 878 3709 pie
911 3616 1152 3714 sedulumque
1182 3617 1307 3688 edatis
1340 3617 1428 3688 noui
1463 3617 1551 3686 enni
1585 3617 1857 3712 recuperandae
1886 3619 2066 3708 studium,
2100 3618 2188 3687 anni

591 3743 724 3812 maturi
757 3742 931 3816 laetitiam
968 3757 1006 3818 et
1038 3747 1155 3820 otium
1188 3745 1331 3842 longius
1364 3757 1403 3820 vt
1436 3747 1603 3842 praemia
1637 3745 1747 3841 digua
1779 3744 1944 3820 efferant
1995 3745 2109 3818 Vides
2137 3769 2186 3818 ex

591 3869 661 3941 hac
685 3871 792 3944 breui
817 3875 929 3947 totius
953 3875 1052 3948 orbis
1072 3875 1327 3968 delineatione,
1352 3876 1475 3948 omnia
1500 3875 1572 3974 qui
1590 3875 1671 3946 lieri
1696 3885 1839 3971 poteret
1858 3876 2187 3973 simplioitdteptis

592 3999 701 4072 initus
726 4001 901 4099 disposita
926 4029 1023 4097 essa;
1048 4005 1190 4101 singule
1215 4006 1370 4102 proinde
1394 4005 1487 4076 haec
1511 4016 1622 4084 sunt
1656 4003 1785 4082 Vemo
1808 4015 1977 4103 tempore
2017 4041 2072 4075 w·

709 4133 750 4224 1)
775 4133 962 4228 praecedit
986 4135 1064 4206 dies
1088 4135 1297 4229 expiatione
1322 4136 1426 4230 quasi
1450 4134 1554 4238 'riam
1586 4135 1774 4226 muniens,
1807 4137 1872 4208 sed
1902 4160 1980 4212 non
2010 4147 2086 4210 ttm
2106 4161 2185 4208 en-

590 4281 695 4350 rum,
719 4285 814 4357 quae
836 4266 1036 4358 praeterito
1058 4274 1226 4358 tempore
1247 4243 1413 4338 homines
1429 4266 1690 4360 'peccauerim
1708 4267 2052 4360 memoriteeaoer,
2074 4289 2184 4362 qnam

589 4391 711 4484 potius
734 4391 817 4474 irae⁴
841 4393 989 4465 diuinae
1021 4394 1183 4488 pericula
1215 4393 1262 4466 ab
1291 4417 1389 4466 anno
1419 4394 1558 4465 recenti
1590 4395 1770 4490 messique
1801 4397 1949 4468 instanti
1982 4415 2211 4468 aucmenta·

590 4517 793 4594 cruentum
816 4524 932 4634 igitur
964 4535 1116 4620 peretur
1140 4523 1358 4640 sacrificium
1388 4517 1567 4640 inclytum
1590 4521 1688 4595 iliud
1702 4509 2002 4636 ‘Pascha,·³¹qtiod
2026 4513 2184 4622 'quidem

1667 4672 1671 4682 .
1701 4656 1704 4675 ¹
1758 4662 1770 4681 η
1799 4649 1826 4684 's

647 4813 682 4904 1)
701 4817 747 4882 Vt
766 4816 883 4906 diserte
903 4821 1094 4912 praecipitur
1114 4821 1175 4888 Ex.
1198 4829 1250 4914 12,
1271 4784 1320 4914 2i3
1351 4827 1386 4890 in
1415 4763 2103 4914 n'n·u'nl‘1n,'.s''mdai.aaaa
2125 4820 2185 4906 Sy·

701 4931 747 4994 ris
774 4933 851 4998 coni
877 4933 1003 5003 initium
1032 4935 1073 4998 ab
1096 4947 1266 5026 auctumno
1288 4937 1397 5028 potin!
1418 4941 1513 5030 poni,
1543 4962 1584 5011 ex
1606 4941 1772 5028 leentiam,
1789 4941 1870 5013 edus
1892 4939 2111 5026 eqstnriszEx.
2132 4941 2185 5016 23,

705 5049 929 5130 ldappsrct.
1697 5097 1711 5125 a
1761 5086 1898 5140 „mnf
1932 5092 1947 5121 ·.
2005 5085 2043 5126 *n
