4826 6178
1370 603 1400 680 u

586 807 777 896 senctites,
801 823 1012 901 quenquam
1036 811 1228 897 praeterea
1255 799 1353 896 epod
1376 797 1570 904 Hebraeos
1594 799 1786 872 obliterato
1811 803 1876 890 sit,
1908 803 1947 872 in
1976 800 2033 874 bis
2057 814 2180 876 temen

586 937 705 1008 tribns
729 935 830 1010 lestis
855 935 986 1006 annuis
1009 943 1193 1028 superstes
1218 931 1377 1002 dicende
1401 941 1465 1005 est.
1525 929 1649 1028 thue
1678 943 1810 1028 poetae
1835 935 1987 1004 omnine
2012 935 2178 1028 entique·

586 1090 671 1140 rum
697 1067 899 1138 tenaciores
929 1078 1016 1136 sunt
1043 1065 1261 1158 religionum
1293 1086 1336 1134 sc
1368 1064 1626 1154 traditionum
1654 1065 1712 1138 its
1744 1075 1848 1138 retes
1877 1064 2007 1160 eliqnis
2036 1067 2184 1138 serioris

586 1199 679 1268 eden
707 1197 836 1268 nemus
864 1195 1046 1268 bebreens
1066 1194 1173 1264 simul
1197 1217 1282 1266 cum
1309 1191 1407 1268 noui
1432 1196 1654 1268 memorauit
1674 1195 1825 1294 plenem
1852 1196 1998 1286 lunam,
2030 1195 2183 1291 vereque

590 1339 630 1400 rt
654 1327 725 1398 deo
748 1326 877 1398 lendes
903 1335 1084 1394 canentur
1113 1325 1315 1394 admonens
1335 1325 1395 1396 Pe.
1420 1337 1484 1415 81,
1509 1339 1551 1406 4:
1587 1327 1686 1421 quod
1710 1329 1851 1400 nisiex
1876 1325 2026 1422 antiqui
2049 1327 2185 1400 vltim-

589 1481 661 1554 qne
686 1459 726 1530 in
750 1457 926 1551 religione
950 1454 1186 1524 similitudine
1212 1455 1373 1544 dicetur,
1397 1458 1461 1530 rix
1485 1457 1706 1550 intelligitur.

702 1587 988 1660 Hebdomedum
1014 1583 1142 1656 orbem
1171 1582 1278 1654 Mose
1309 1587 1551 1680 antiquiorem
1585 1587 1823 1684 pluribusque
1847 1588 1994 1682 populis
2023 1587 2184 1658 bebrneo

588 1728 707 1788 oetete
733 1717 850 1788 multo
875 1713 1059 1816 prioribus
1083 1735 1316 1818 communem
1343 1739 1422 1788 esee
1444 1719 1530 1786 setis
1552 1718 1627 1788 iem
1653 1741 1677 1788 ι
1701 1718 1789 1792 viris
1812 1721 1928 1790 doctis
1951 1719 2184 1790 demonstre-

586 1861 666 1920 tum
692 1859 747 1918 est
767 1846 810 1942 1).

697 1978 772 2048 Sed
795 1977 895 2073 quod
917 1945 1023 2046 mnlti
1043 1995 1143 2046 nnnc
1166 1985 1317 2070 putent,
1346 1973 1480 2050 Μιιιι
1501 1978 1669 2072 quemuis
1692 2001 1714 2047 e
1736 1987 1877 2074 septem
1902 1979 2031 2050 diebos
2053 1978 2180 2074 plene·

586 2117 647 2178 tne
670 2129 738 2178 suo
762 2129 906 2178 suornm
929 2106 1113 2178 inuenisse
1136 2129 1207 2176 nec
1231 2117 1355 2178 temen
1380 2109 1450 2178 nisi
1473 2109 1669 2202 septimum
1689 2108 1848 2180 Saturno
1873 2133 2018 2180 sucrum
2043 2121 2183 2180 moleto

589 2238 741 2310 nomine
764 2237 922 2310 leborne
951 2235 1011 2310 vel
1032 2237 1153 2331 potius
1176 2237 1309 2311 lehree
1335 2238 1490 2330 dicasse,
1523 2239 1565 2308 id
1592 2240 1777 2334 quomodo
1801 2263 1885 2310 cnm
1908 2239 2081 2310 historiae
2105 2239 2182 2310 sin·

587 2369 737 2438 ceritete
763 2366 949 2438 conciliari
971 2369 1103 2461 possit,
1128 2368 1295 2438 nondum
1318 2371 1493 2464 comperi.
1543 2369 1642 2440 Num
1666 2379 1807 2443 veteres
1831 2369 2015 2460 Hebrnei,
2038 2369 2125 2462 Syri
2147 2377 2184 2437 et

586 2494 725 2568 Arabes
749 2499 947 2594 septimum
974 2499 1071 2568 diem
1090 2499 1292 2570 Sabbatum
1317 2498 1541 2594 appellantes
1564 2501 1708 2595 priores
1732 2498 1970 2572 hebdomadis
1992 2499 2069 2570 dies
2090 2499 2183 2568 einr-

585 2625 728 2722 pliciter
757 2651 780 2698 e
811 2651 967 2699 numero
999 2651 1067 2698 suo
1098 2630 1290 2702 nominent
1303 2627 1357 2724 2),
1395 2629 1564 2724 planetae
1596 2641 1718 2702 entem
1753 2653 1889 2702 nomen
1922 2629 1995 2700 diei
2024 2627 2181 2698 inditum

586 2757 831 2854 quodcunque
853 2758 1035 2852 ignorent.
1082 2758 1197 2848 Quod
1223 2762 1409 2855 quomodo
1434 2759 1517 2832 fieri
1541 2762 1713 2857 potuerit,
1735 2785 1766 2832 ιι
1755 2761 2017 2855 plenetnrnnr
2041 2769 2180 2850 septem

585 2885 840 2958 nominatum
866 2887 1105 2958 hebdomadis
1130 2889 1257 2960 diebus
1273 2883 1465 3012 Aegyptio
1490 2915 1594 2962 more
1619 2915 1677 2982 eo,
1707 2915 1816 2986 quem
1842 2889 2025 2978 nouimus,
2050 2887 2182 2956 arcti&

585 3015 677 3086 sime
700 3001 895 3088 coniuncte
918 3019 1089 3110 luissent,
1115 3023 1283 3114 equidem
1310 3023 1454 3092 nescio:
1482 3021 1626 3116 populis
1649 3023 1766 3110 enim,
1796 3021 1858 3116 qui
1883 3019 2069 3114 quondam
2095 3017 2182 3086 deos

583 3143 643 3218 vel
673 3145 838 3240 plenetns
871 3149 1000 3222 diebus
1031 3151 1180 3246 singulis
1212 3173 1380 3245 praeesse
1411 3151 1665 3240 crediderunt,
1699 3159 1784 3244 post
1816 3151 1921 3224 ruins
1954 3151 2014 3220 dei
2044 3145 2181 3218 cultum

584 3275 833 3349 introductum
863 3273 1056 3352 ricmirrnm
1090 3282 1329 3378 pristinorum
1362 3281 1509 3376 vestigia
1533 3280 1620 3352 setis
1642 3291 1772 3375 operte
1799 3303 1969 3370 manere,
2006 3276 2182 3372 exemplis

695 3605 814 3670 mensis
835 3607 953 3670 electus
972 3629 1039 3670 esse
1060 3607 1196 3688 videtur,
1217 3609 1293 3694 quie
1316 3609 1390 3674 festi
1411 3607 1507 3672 buius
1528 3629 1618 3674 mens
1638 3606 1747 3672 eedem
1769 3609 1836 3672 lere
1859 3619 1907 3670 est
1926 3627 2007 3690 quse
2022 3603 2182 3668 l'sscbetis

694 3721 799 3804 Aprili
822 3721 989 3801 celebrati,
1010 3737 1044 3788 rt
1066 3725 1146 3786 leste
1168 3721 1234 3788 duo
1257 3719 1422 3808 σωτηρίας
1442 3735 1654 3804 congruenter
1674 3719 1886 3788 succederent.
1929 3719 2075 3782 Ceterum
2097 3719 2182 3781 bunc

694 3835 826 3900 Esterse
847 3837 965 3900 librum
988 3837 1045 3921 qui
1066 3837 1181 3900 iterum
1204 3837 1398 3918 imitsrstur,
1418 3837 1538 3902 exstitit
1559 3837 1661 3902 serius
1683 3849 1793 3900 ructor
1816 3835 1892 3900 libri
1911 3836 2054 3898 Meccsb.
2076 3833 2133 3896 lll.

624 3945 672 4034 'l)
693 3950 825 4014 Praeter
846 3951 925 4016 elios
945 3973 965 4012 ι
984 3951 1140 4016 Geblero:
1161 3949 1271 4014 Neuer
1290 3953 1437 4016 Versucb
1455 3954 1538 4018 iiber
1555 3952 1607 4016 die
1626 3950 2013 4035 Scbdplungsgescbicbte,
2034 3969 2064 4012 s.
2086 3951 2181 4010 1795.

636 4061 672 4148 2)
695 4062 897 4146 computatio
929 4079 1035 4130 temen
1065 4063 1222 4130 eiusmodi
1250 4067 1393 4130 exactior
1420 4089 1456 4132 sc
1486 4069 1682 4132 constantior
1711 4066 1884 4159 senioribus
1913 4060 2041 4126 demunt
2069 4062 2180 4124 seculis

694 4177 880 4246 inunlescitr
901 4199 976 4242 nem
995 4179 1032 4244 in
1053 4181 1097 4244 V.
1109 4180 1149 4242 T.
1168 4193 1294 4262 praeter
1310 4179 1484 4250 schiston
1507 4180 1601 4260 dnn,
1619 4181 1676 4265 qui
1690 4178 1838 4245 distincto
1854 4178 1983 4242 nemine
2001 4199 2042 4242 ex
2061 4173 2180 4240 bebdo-

694 4289 797 4357 nredis
818 4291 931 4358 ordine
952 4295 1140 4377 appelletur,
1162 4297 1258 4366 sliurn
1282 4315 1347 4359 ιιι
1368 4296 1489 4360 inueni.
1531 4295 1773 4384 Neorepuquc,
1793 4291 1823 4354 si
1841 4292 1913 4374 quie
1931 4313 1950 4353 ι
1968 4288 2090 4356 ludseie
2106 4285 2179 4350 inde

695 4406 737 4470 nb
762 4406 850 4470 exilii
871 4407 1059 4489 babylonici
1086 4421 1231 4490 tempore
1254 4407 1384 4474 nomine
1408 4409 1486 4470 bren
1515 4407 1555 4470 sd
1577 4406 1676 4488 Syros
1706 4419 1740 4468 et
1757 4406 1886 4477 ’ᾼιιιιι
1910 4414 2084 4487 propagate
2113 4423 2180 4466 esse

694 4531 803 4602 putet:
831 4541 907 4586 nem
925 4520 1079 4585 Nebttsel
1098 4523 1122 4584 i.
1143 4541 1175 4584 ι.
1196 4521 1365 4603 Babylonii
1393 4521 1529 4586 seriores
1555 4519 1685 4588 nemius
1704 4517 1902 4600 Aegyptiacis
1922 4516 2037 4588 similis
2052 4517 2179 4578 babue-

693 4646 771 4696 runt
792 4633 968 4720 stirpesque
990 4634 1112 4718 sliqnot
1139 4633 1282 4704 ersbiese
1304 4633 1426 4698 viciose
1455 4649 1510 4697 ens
1533 4631 1671 4698 imitstse
1699 4644 1789 4708 sunt,
1803 4632 1862 4694 '.cl
1882 4627 1988 4698 Sobel.
2009 4627 2049 4692 ed
2071 4629 2179 4691 Hnrir.

695 4769 729 4831 p.
749 4751 827 4812 294.
850 4769 922 4812 cum
945 4747 1017 4820 Gol.
1039 4747 1079 4812 sd
1100 4747 1358 4830 dllergenump.
1376 4753 1444 4824 ts.;
1489 4743 1615 4812 Nomen
1632 4714 1735 4826 qui'i,
1766 4763 1845 4828 quo
1854 4740 1985 4816 Saturni
2009 4739 2092 4806 diem
2122 4765 2179 4824 np-

697 4859 914 4942 pellrrunt,
903 4879 1008 4942 speum
1032 4859 1205 4926 Saturnum·
1226 4857 1359 4934 indicet,
1392 4854 1580 4942 ridereque
1600 4828 1750 4936 21ss
1783 4855 1870 4942 quud
1891 4856 2010 4938 tidie·
2031 4851 2178 4942 nigrum

699 4969 843 5054 denotet,
863 4985 1049 5056 corruptum
1069 4991 1149 5037 sese
1955 4995 1959 5007 ·
