4826 6178
467 4721 484 4764 Ο

1340 650 1398 728 tt

579 873 729 949 prorsus
760 849 863 922 finite
897 856 993 937 erat,
1030 855 1112 943 poet
1144 855 1284 942 septem
1317 844 1383 916 hee
1414 845 1662 919 hebdomades
1694 869 1813 920 sacras
1848 845 1979 920 festum
2016 869 2168 922 vernum

578 989 853 1053 consummatur
885 979 945 1048 die
977 977 1153 1071 septimae
1185 975 1422 1048 hebdomadis
1453 978 1608 1074 septimo
1633 981 1713 1070 (seu
1742 988 1825 1072 poet
1849 979 1946 1048 diem
1977 975 2067 1050 xlv
2092 978 2171 1048 Pa-

578 1111 710 1182 schatis
743 1103 1055 1206 quinquagesimo)
1087 1105 1254 1200 primitiis
1286 1108 1391 1203 penis
1425 1107 1634 1180 fermentati
1665 1109 1861 1180 offerendis
1893 1129 2059 1206 peneque
2091 1107 2173 1180 ser-

579 1251 741 1312 mentato
773 1239 910 1310 recenti
943 1236 1038 1332 laete
1063 1237 1260 1327 vescend05
1297 1247 1351 1308 est
1377 1238 1447 1309 hoc
1473 1255 1586 1342 Ἥρη
1611 1259 1657 1328 tr!
1671 1238 1820 1330 jectum
1845 1239 1975 1310 mesaia
1997 1238 2174 1310 frumenti

572 1367 712 1465 finitae
737 1368 805 1440 En
830 1381 891 1458 23,
919 1368 996 1456 16.,
1029 1364 1086 1440 vel
1111 1366 1232 1460 potius
1259 1377 1418 1470 aarum,
1445 1380 1499 1444 nti
1531 1365 1611 1440 dias
1631 1369 1892 1464 primitiarum
1919 1369 1997 1468 (qui
2022 1379 2061 1444 vt
2086 1367 2173 1443 vlti-

581 1522 663 1570 mus
687 1499 770 1570 sesti
794 1499 870 1570 dies
896 1497 981 1568 eatis
1007 1521 1029 1565 a
1052 1494 1160 1587 sesto
1183 1470 1446 1591 primitiarum
1473 1497 1609 1590 differt)
1635 1497 1746 1570 Num.
1770 1511 1832 1590 28,
1860 1501 1937 1590 26.;
1974 1499 2072 1570 eliud
2100 1521 2174 1568 no-

581 1653 667 1700 men
692 1629 840 1700 breuius
865 1638 922 1700 est
955 1637 1088 1733 nitter'
1121 1647 1166 1716 on
1192 1627 1340 1720 festum
1366 1629 1639 1700 hebdomadum
1670 1653 1858 1700 sacrarum
1891 1628 2001 1700 Deut.
2026 1629 2085 1716 16,
2114 1638 2175 1707 10.

582 1759 704 1849 Quem
727 1767 826 1828 arcte
851 1757 911 1828 hic
937 1757 1014 1827 dice
1036 1781 1119 1826 cum
1146 1757 1239 1830 ferto
1262 1760 1396 1831 maiori
1417 1760 1611 1830 cohaereat
1632 1771 1672 1834 vt
1696 1761 1773 1830 eius
1794 1759 2041 1856 pedissequus,
2067 1781 2088 1827 e
2110 1780 2177 1828 ra-

582 1891 681 1960 tione
706 1885 778 1983 qual
801 1887 900 1958 idem
921 1885 1009 1962 Lev.
1035 1899 1097 1978 23,
1123 1900 1264 1978 9-22.
1294 1890 1532 1982 describitur,
1558 1892 1643 1962 setis
1669 1903 1840 1986 apparet,
1875 1899 2091 1984 poteratque
2114 1885 2177 1958 Er.

581 2028 645 2109 45,
671 2031 732 2100 21.
759 2017 983 2088 mentionem
1013 2017 1090 2089 eius
1116 2042 1266 2114 prorsus
1298 2021 1475 2092 omittere.
1536 2019 1659 2112 Quam
1684 2021 1798 2092 mirus
1822 2032 1945 2092 autem
1971 2019 2018 2089 eit
2049 2039 2177 2088 eorum

583 2173 705 2239 error,
729 2149 792 2242 qui
816 2147 1048 2218 Pentecostes
1070 2145 1201 2220 festum
1223 2173 1292 2245 per
1315 2151 1494 2246 integram
1515 2151 1783 2224 hebdomadem
1811 2151 1960 2222 durasse
1984 2159 2117 2245 putant
2135 2145 2178 2240 1),

583 2303 659 2352 non
685 2289 740 2350 est
764 2279 862 2376 quod
888 2277 1011 2348 multis
1029 2278 1178 2374 insuper
1202 2279 1367 2375 probem.
2177 2271 2184 2285 '

699 2409 806 2500 Quae
838 2418 960 2478 autem
986 2408 1037 2478 ita
1061 2409 1099 2478 in
1131 2411 1266 2504 prioris
1299 2411 1481 2484 semestris
1510 2413 1634 2484 limine
1663 2421 1840 2508 aguntur,
1872 2411 1920 2482 ad
1953 2409 2108 2482 alterum
2134 2429 2178 2480 eo

583 2537 751 2612 festinius
771 2538 1018 2634 incipiendum
1043 2538 1139 2612 viam
1161 2542 1354 2633 muniunt,
1378 2554 1420 2618 vt
1448 2545 1534 2614 euni
1559 2541 1742 2638 fastigium
1768 2566 1891 2614 nrcnce
1914 2543 2069 2638 septimo
2096 2564 2182 2610 om-

585 2670 687 2740 nium
707 2691 853 2740 summo
879 2678 916 2738 et
941 2669 1182 2740 sacratissimo
1208 2683 1379 2768 emergat.
1431 2671 1540 2745 Vnde
1560 2675 1694 2745 mensis
1719 2673 1827 2745 huius
1853 2673 2036 2744 Sabbatici
2058 2670 2181 2766 digni-

495 2813 507 2830 *
585 2799 855 2872 trecentesima
882 2800 1004 2870 statim
1036 2801 1229 2874 nocitunio
1263 2803 1340 2876 eius
1373 2805 1567 2899 insignitur
1597 2827 1687 2901 prae
1718 2806 1847 2875 ceteris
1876 2827 1992 2876 sacro.
2042 2799 2180 2896 Megno

584 2930 738 3025 strepitu
764 2929 931 3026 tubisque
957 2930 1060 3002 laetis
1085 2932 1157 3003 alte
1179 2915 1431 3006 resonantibus
1463 2935 1538 3006 dies
1561 2935 1738 3031 panegyri
1760 2933 1914 3006 solemni
1940 2931 2180 3005 celebrandae

584 3060 769 3149 indicitur,
796 3075 916 3164 ruitum,
944 3073 1012 3136 ott
1041 3063 1121 3132 dies
1145 3064 1337 3159 clangoris
1363 3067 1479 3137 dictus
1502 3065 1592 3140 Lev.
1615 3079 1677 3156 23,
1695 3078 1757 3148 23.
1774 3077 1834 3147 24.
1859 3059 2184 3155 Num.29,1-6.

587 3187 672 3280 Qud
696 3190 839 3260 ratione
864 3213 948 3260 cum
976 3191 1164 3264 nouilunia
1188 3191 1259 3264 hdo
1283 3215 1331 3266 ex
1355 3195 1520 3290 ipsorum
1548 3219 1704 3268 numero
1729 3197 1898 3292 insignito
1925 3193 2049 3266 omnia
2072 3189 2183 3262 nobi-

585 3317 687 3390 litata
709 3330 840 3411 essent,
866 3319 1021 3391 feliciter
1041 3323 1176 3414 euenit,
1200 3333 1242 3398 vt
1263 3323 1404 3421 reliqua
1421 3326 1597 3422 paulatim
1616 3327 1769 3398 minoris
1789 3325 1926 3396 habere
1946 3322 2128 3394 discerent
2141 3315 2185 3411 2).

586 3450 768 3521 indictum
794 3474 883 3526 vero
910 3451 959 3520 ite
986 3450 1119 3524 festum
1146 3453 1316 3527 Pascheti
1347 3479 1412 3528 seu
1444 3457 1566 3552 potius
1591 3452 1740 3552 Azymis
1764 3455 1991 3552 respondens
2019 3449 2186 3548 triparti-

589 3591 665 3652 tum
690 3580 760 3653 hoc
776 3591 858 3670 est,
884 3591 924 3656 vt

705 3708 743 3805 1)
765 3697 847 3780 'dies
871 3709 908 3780 X
934 3711 1133 3806 expiationi
1158 3739 1261 3787 sacer
1285 3716 1490 3810 praecedat
1540 3714 1625 3788 Hoc
1650 3715 1783 3788 testum
1810 3739 1833 3786 a
1858 3713 2052 3804 Panchate,
2084 3713 2187 3784 cuius

590 3839 706 3912 simile
734 3851 807 3932 est,
841 3863 885 3912 eo
910 3841 1052 3933 differt,
1086 3845 1187 3940 quod
1210 3869 1287 3917 non
1312 3847 1437 3920 futura
1464 3848 1543 3919 irre
1577 3847 1724 3920 diuinae
1749 3845 1911 3944 pericula
1936 3845 2088 3934 auertit,
2121 3839 2187 3916 sed

591 3991 684 4063 quae
704 3970 953 4069 praeterlapso
979 3997 1077 4046 anno
1104 3977 1298 4049 commissa
1322 3987 1407 4049 sunt
1431 3985 1582 4074 peccma
1607 3979 1746 4074 expiat,
1772 3998 1820 4048 ne
1846 3975 1929 4072 quis
1955 3973 2125 4070 indignus
2150 3981 2188 4042 et

591 4097 727 4167 scelere
752 4122 827 4170 non
850 4105 996 4198 expiato
1018 4109 1286 4178 contaminatus
1310 4105 1560 4198 laetissimum,
1586 4108 1685 4204 quod
1711 4107 1879 4203 proxime
1904 4105 2075 4195 succedit,
2100 4103 2188 4174 anni

591 4237 736 4324 tempus
762 4230 995 4324 ingrediatur.
1054 4235 1169 4331 Igitur
1193 4261 1277 4306 cum
1301 4237 1445 4308 ieiuniis
1470 4262 1514 4310 ac
1544 4237 1693 4334 reliquis
1722 4237 1969 4333 poenitentiae
1994 4233 2188 4330 generibus

582 4361 828 4462 ,coniunctum
852 4371 907 4431 est
933 4361 1066 4435 festum
1098 4367 1263 4438 omnium
1289 4368 1448 4440 maxime
1476 4391 1647 4440 seuerum
1671 4377 1709 4438 et
1733 4389 1864 4463 graue,
1898 4390 1966 4440 nec
1995 4366 2092 4434 intra
2117 4363 2188 4432 do-

650 4567 683 4656 1)
705 4569 794 4649 Quos
813 4575 899 4640 inter
919 4571 1012 4638 doleo
1035 4573 1122 4659 quod
1142 4578 1234 4640 stiam
1252 4577 1276 4640 l.
1290 4577 1333 4642 D.
1347 4577 1512 4644 Michaelis
1527 4577 1598 4658 tuit,
1619 4578 1808 4642 mosaiscbea
1828 4576 1927 4641 llecbt
1948 4571 2057 4638 T.1v.
2074 4593 2106 4654 p.
2120 4573 2191 4631 teo.

648 4681 684 4770 2)
703 4687 878 4752 Noniluoia
906 4689 1014 4754 omnia
1042 4690 1215 4775 antiquitus
1248 4693 1372 4756 enmmt
1397 4693 1517 4758 laetitid
1543 4711 1611 4756 eree
1641 4694 1795 4758 celebrata
1823 4715 1841 4756 e
1870 4696 1885 4754 t
1910 4689 1996 4756 Sam.
2014 4693 2068 4768 20,
2086 4693 2117 4750 5.
2137 4684 2192 4748 2⁴.

708 4808 762 4866 27.
791 4801 955 4884 dircimue3
985 4805 1138 4886 paulatim
1168 4803 1314 4872 sabbatio
1334 4805 1527 4887 trulgrribut
1555 4806 1805 4892 eequiprmntor
1826 4805 1897 4868 Am.
1919 4813 1950 4882 8,
1972 4807 2010 4868 5:
2044 4803 2097 4868 lex
2126 4817 2191 4864 non

601 4963 603 4970 1
709 4919 878 5000 penegyri,
909 4915 962 4980 red
987 4915 1144 4982 sacriticib
1167 4931 1289 4986 tantum
1319 4918 1575 4986 aeacerdotlbue
1601 4935 1634 4986 vt
1657 4921 1824 4986 noudunia
1844 4919 2054 5004 insignlantur
2073 4915 2192 5000 praeci·

709 5029 755 5111 pit
776 5029 871 5094 Nom.
895 5038 947 5110 28,
971 5035 1106 5099 ll-ld.
