4826 6178
1021 677 1080 757 25

246 877 417 972 primitus
440 877 583 949 decimo
608 874 742 949 mensis
768 873 828 944 dis
855 883 919 944 aut
942 875 1129 969 inceptum
1155 882 1219 944 aut
1243 881 1430 970 peractum
1457 895 1534 944 esse
1561 897 1609 946 ex
1632 873 1701 945 Ex.
1726 886 1787 964 12,
1806 885 1842 956 3.

247 1005 539 1078 concludendum
574 1017 645 1078 est:
680 1027 800 1101 neque
832 1007 928 1084 enim
960 1003 1031 1074 alia
1062 1003 1162 1072 cerni
1200 1013 1320 1097 potest
1351 1025 1480 1094 causa,
1515 1001 1588 1099 quis
1611 1003 1663 1074 ibi
1687 1003 1758 1076 hoc
1783 1005 1841 1074 die

246 1160 380 1230 agnum
409 1136 615 1232 eligendum
642 1158 718 1206 esse
744 1135 905 1227 dicatur,
938 1135 1009 1206 nisi
1036 1133 1075 1204 id
1105 1155 1152 1202 ex
1179 1131 1320 1207 vetusta
1346 1135 1438 1204 initii
1464 1133 1550 1204 olim
1571 1133 1643 1204 hoc
1671 1133 1731 1204 dia
1754 1131 1841 1204 facti

244 1264 421 1338 memorii
446 1267 594 1338 fluxisse
620 1263 787 1361 puteal).
838 1265 1012 1362 Sequitur

361 1397 404 1491 2)
429 1395 562 1467 festum
582 1395 793 1490 principale,
815 1395 901 1466 inde
924 1419 948 1464 a
972 1395 1031 1464 die
1053 1391 1127 1478 XV
1144 1415 1213 1488 per
1235 1403 1374 1489 septem
1399 1394 1474 1464 dies
1499 1394 1551 1465 ita
1578 1395 1840 1485 continuatum,

248 1535 285 1599 rt
311 1547 332 1596 e
357 1527 431 1596 ritu
456 1545 568 1620 supra
593 1525 761 1620 explicito
782 1528 820 1598 in
848 1527 972 1598 messis
996 1527 1099 1596 initio
1126 1523 1264 1618 azymis
1288 1535 1382 1594 esset
1405 1525 1625 1600 vescendum
1651 1526 1840 1618 primitiis-

246 1679 317 1750 que
344 1655 581 1752 praecocibus
606 1653 902 1746 sacrifioandum,
928 1677 975 1726 ex
997 1656 1222 1744 hordeaceo,
1254 1665 1293 1727 vt
1317 1656 1480 1746 videtur,
1511 1655 1716 1746 frumento,
1742 1656 1841 1750 quod

245 1785 412 1856 omnium
437 1786 598 1879 primum
625 1793 915 1856 maturesceree
941 1798 963 1868 2
986 1787 1100 1880 Regg.
1120 1796 1157 1875 4,
1183 1797 1244 1866 42.
1268 1785 1489 1878 intelligitur.
1547 1785 1619 1857 Sed
1645 1796 1837 1880 postquam

243 1923 401 2004 mature,
428 1925 466 1988 vt
485 1913 636 1984 inferius
658 1915 978 2007 demonstrabitur,
1001 1915 1135 1986 festum
1157 1913 1229 1986 hoc
1250 1937 1333 1984 cum
1355 1913 1530 1986 Paschate
1555 1917 1839 1987 admemoriam

246 2045 433 2142 angustiae
465 2043 661 2140 salutisque
694 2048 926 2141 aegyptiacae
956 2047 1165 2120 traductum
1198 2055 1270 2136 est,
1305 2045 1481 2116 nonnulla
1505 2045 1566 2118 hic
1591 2050 1727 2118 mutari
1750 2070 1839 2118 coe-

243 2185 388 2270 perunt.
440 2175 526 2266 Quo
552 2176 650 2245 enim
676 2177 827 2270 propius
859 2177 953 2248 festa
983 2177 1074 2248 haec
1107 2177 1225 2250 vicina
1257 2175 1469 2270 iungerent,
1503 2176 1675 2271 primurn¹
1696 2199 1755 2247 res
1784 2179 1840 2250 ita

245 2304 407 2376 instituta
441 2317 514 2397 cst,
548 2316 587 2379 vt
618 2305 758 2376 Pascha
791 2307 864 2375 diei
897 2305 988 2377 XIV
1023 2329 1192 2401 vespere,
1226 2301 1371 2400 Asyma
1391 2307 1477 2376 inde
1504 2329 1525 2376 a
1551 2307 1611 2378 die
1639 2304 1713 2377 XV
1739 2308 1839 2378 cele—

245 2433 387 2505 branda
410 2445 531 2506 emant
552 2435 642 2510 Ler.
662 2449 724 2526 23,
747 2441 782 2518 5.
807 2436 928 2532 6sqq.
958 2436 1067 2508 Num.
1091 2449 1153 2528 28,
1181 2437 1239 2516 16.
1269 2447 1316 2522 17
1342 2459 1418 2530 sqq.
1443 2435 1499 2506 cll.
1528 2435 1608 2505 loco
1635 2435 1839 2532 antiquiora

242 2563 311 2635 Ex.
334 2578 396 2656 23,
424 2575 482 2648 15.
517 2567 686 2662 (repetito
714 2567 896 2658 31,18.),
936 2565 999 2640 vbi
1033 2567 1103 2638 hoc
1118 2619 1121 2626 .
1136 2565 1276 2638 -iestum
1313 2565 1511 2661 principale
1547 2566 1638 2636 sina¹
1662 2564 1839 2638 Paschate
1907 2633 1914 2650 ,

243 2693 431 2788 laudatur,
457 2696 588 2766 deinde
613 2698 652 2767 in
678 2698 886 2768 narratione
912 2695 981 2766 Ex.
1007 2709 1066 2777 12.
1090 2696 1199 2792 paulo
1224 2698 1361 2770 seriore
1386 2706 1582 2790 utrumque
1607 2719 1652 2766 co
1680 2695 1838 2767 coniun-

243 2824 359 2914 ditur,
395 2826 493 2930 quod
518 2849 648 2920 azyma
672 2828 791 2897 statim
824 2823 897 2900 rud
929 2851 1013 2897 cum
1040 2825 1218 2897 Paschate
1249 2826 1392 2896 comedi
1423 2825 1613 2917 iubentur,
1650 2837 1837 2920 postremo

147 2940 149 2943 ⁵
242 2953 427 3024 Paschatis
452 2979 587 3026 nomen
611 2955 729 3027 solum
757 2969 880 3028 manet
910 2939 1197 3052 festumque'ex
1229 2956 1372 3026 duobus
1403 2955 1636 3025 coniunctum
1664 2955 1723 3026 die
1747 2953 1838 3027 XIV

242 3084 405 3180 incipere
427 3087 640 3181 simpliciter
663 3097 835 3158 monetur
858 3087 966 3160 Dent.
988 3089 1181 3178 16,1-8.
1206 3087 1338 3157 Ezeoh.
1355 3096 1417 3176 45,
1437 3097 1601 3166 21-24.
1617 3094 1684 3156 etc.
1735 3085 1837 3156 Iam-

243 3236 314 3308 qua
338 3239 542 3311 panegyres
574 3219 683 3288 etiam
718 3219 811 3288 duae
842 3216 925 3287 sesti
951 3219 1056 3288 mixti
1084 3219 1123 3288 in
1148 3219 1308 3312 primum
1335 3226 1374 3286 et
1405 3215 1569 3286 ultimum
1599 3214 1838 3286 hebdomadis

242 3367 264 3412 a
289 3343 348 3415 die
371 3341 444 3418 XV
469 3369 593 3417 sacrae
619 3347 752 3418 dilatae
776 3356 861 3418 sunt
885 3345 974 3422 Lev.
998 3361 1060 3439 23,
1084 3359 1120 3431 7.
1146 3357 1181 3428 8.
1237 3347 1316 3418 Nec
1341 3367 1414 3416 non
1444 3345 1607 3438 agrarius
1635 3343 1717 3416 festi
1741 3367 1839 3416 sen··

242 3497 302 3544 sus
326 3475 503 3569 paulatim
529 3479 650 3546 minus
679 3476 800 3572 grauis
825 3480 1119 3574 necessariusque
1153 3487 1207 3548 est
1251 3473 1413 3546 habitus:
1439 3486 1486 3561 ,vt
1509 3473 1598 3548 ch.
1623 3486 1685 3564 23,
1708 3487 1839 3565 9-14

240 3623 315 3672 non
342 3605 410 3674 nisi
436 3605 664 3700 manipulum
690 3607 893 3678 recentium
918 3610 1099 3703 spicarum
1125 3609 1286 3705 primum
1313 3606 1446 3678 offerre
1468 3603 1636 3676 sacerdos
1657 3604 1837 3693 iubeatur,

240 3733 350 3830 idque
374 3734 549 3830 postridie
574 3733 774 3806 Sabbatum
801 3759 867 3808 seu
893 3740 1054 3833 primum
1080 3739 1164 3814 festi
1180 3735 1214 3834 2)
1240 3739 1347 3808 diem.

354 3861 395 3960 3)
421 3865 546 3934 messis
577 3865 630 3935 ita
661 3867 805 3960 incepta
829 3878 1021 3962 postquam
1049 3869 1181 3965 ubique
1206 3878 1389 3938 terrarum
1415 3865 1517 3956 (nam
1543 3867 1581 3936 in
1608 3863 1685 3934 aliis
1710 3873 1835 3934 matu-

239 3993 316 4066 rior
340 4005 415 4084 est,
447 3995 488 4064 in
520 3995 597 4065 aliis
624 3995 754 4090 serior)
783 4005 819 4066 et
843 4017 891 4069 ex
920 3997 1336 4088 omnifrumentorum,
1373 3997 1482 4067 tritici
1507 4017 1671 4091 quoque,
1702 4016 1836 4090 genere

298 4248 331 4336 1)
351 4251 456 4314 Taceo
480 4251 688 4334 interpretum
712 4251 918 4329 nolentiam,
948 4253 1013 4340 qui:
1031 4255 1092 4318 hoc
1114 4252 1266 4322 Israelitis
1287 4251 1325 4315 in
1348 4251 1490 4334 Aegypto
1513 4260 1634 4314 tantum
1658 4242 1834 4310 faciendum

352 4365 469 4444 luisse,
491 4366 582 4449 quasi
603 4364 746 4428 historici
768 4365 917 4448 simplicis
931 4379 1043 4448 ¹partes
1067 4381 1138 4454 egat
1157 4367 1263 4432 Exodi
1284 4377 1404 4430 auctor.
1829 4441 1835 4452 ⁸

297 4473 332 4558 2)
353 4473 446 4552 Quod
476 4479 503 4540 si
527 4477 567 4544 ds
596 4481 715 4563 azymis
746 4480 814 4543 sine
836 4480 987 4543 Paschate
1014 4500 1069 4544 seu
1100 4481 1139 4544 ds
1167 4481 1219 4543 dis
1248 4482 1312 4544 XV
1334 4480 1450 4544 mensis
1473 4469 1635 4558 intelligis,
1667 4485 1702 4539 vt
1724 4469 1833 4535 ludaei

356 4590 491 4654 seriores
522 4595 710 4674 voluerunt,
744 4591 830 4657 haud
861 4593 989 4678 quidem
1019 4617 1091 4659 cum
1118 4597 1352 4680 computatione
1380 4596 1580 4657 Pentecostes
1606 4587 1684 4653 Les.
1704 4592 1759 4666 2³,
1783 4590 1833 4648 ts.

270 4757 274 4764 .
357 4709 488 4782 tu,.at
518 4729 601 4772 curn·
618 4710 681 4773 Ios.
703 4715 735 4787 5,
757 4713 808 4772 11.
835 4728 899 4772 non
930 4709 1105 4792 conspirat:
1137 4708 1193 4774 sad
1220 4730 1291 4772 eum
1320 4710 1503 4789 scriptorem
1526 4703 1645 4764 Pascha
1666 4722 1722 4764 scu
1749 4699 1831 4765 diam

353 4819 431 4880 XlV
454 4820 586 4902 intelligi
612 4823 692 4887 ralla
714 4843 779 4886 non
810 4835 974 4905 appareat,
1005 4823 1157 4888 seriorem
1178 4825 1260 4888 hanc
1280 4827 1348 4887 asse
1372 4821 1453 4884 ritus
1474 4820 1697 4894 mutationem,
1726 4813 1830 4879 denuo

338 4928 512 5016 discimus.
553 4937 704 5002 Primitus
725 4949 829 4999 tamen
860 4938 969 5000 saltem
998 4958 1120 5002 sacrsm
1142 4939 1282 5004 solemus
1304 4936 1513 5021 primitiarum
1540 4929 1625 4997 haud
1655 4929 1749 4996 dttbis
1780 4927 1830 4992 die

350 5067 535 5130 azymorum
560 5053 666 5134 primo
687 5053 804 5116 lactum
826 5068 893 5112 esse
913 5035 1089 5132 putandum
1112 5063 1170 5116 est.

1375 5163 1432 5246 4*
