4826 6178
1010 635 1038 713 Β

223 851 349 900 rursus
372 828 592 901 concludere
616 830 719 922 licet,
753 831 784 902 ai
815 828 902 924 qnid
932 828 972 898 in
1002 829 1215 925 antiquitate
1248 829 1408 904 hebraei
1437 832 1531 903 adeo
1564 835 1748 908 insolitum
1777 861 1820 909 ae

224 959 407 1055 singulare
437 959 752 1055 deprehendatur,
785 971 825 1036 vt
850 981 924 1030 non
949 959 1019 1030 uisi
1052 960 1098 1030 ab
1129 961 1234 1036 vuius
1259 963 1327 1034 viri
1351 963 1496 1058 ingenio
1527 962 1624 1034 elate
1652 969 1820 1062 primitus

223 1089 405 1185 proticisci
429 1091 608 1184 potuerit,
639 1092 678 1162 id
701 1091 748 1163 ad
773 1089 904 1162 Mosen
927 1100 1111 1160 auctorem
1139 1113 1217 1163 esse
1242 1091 1487 1164 reserandum.
1539 1093 1647 1184 Quae
1672 1098 1818 1192 quidem

225 1233 262 1294 vt
288 1221 335 1290 de
360 1220 531 1292 omnibus
556 1219 726 1292 Mosaicis
748 1220 889 1314 valent,
924 1221 976 1291 ita
1002 1222 1047 1291 de
1077 1220 1177 1293 sestis
1205 1222 1353 1314 diebus,
1387 1224 1434 1292 de
1460 1223 1589 1319 quibus
1613 1225 1674 1298 hic
1697 1251 1819 1300 sermo

225 1351 295 1420 erit
317 1349 514 1422 faciendus.
563 1351 657 1424 Nam
681 1351 803 1422 locum
826 1377 849 1422 a
870 1351 975 1422 Mose
996 1354 1076 1448 ipso
1102 1354 1296 1448 scriptum,
1321 1355 1359 1423 in
1386 1375 1459 1450 qno
1484 1355 1608 1425 omnia
1631 1355 1703 1427 huc
1728 1381 1820 1454 per-

224 1481 375 1552 tinentia
398 1481 529 1552 ordine
554 1482 627 1552 sint
648 1479 887 1578 pertractata,
912 1474 1047 1554 irdstra
1070 1507 1239 1578 quaeras:
1270 1487 1426 1556 seriores
1451 1485 1600 1556 demum
1625 1488 1819 1582 scriptores

222 1633 316 1707 quae
346 1635 370 1682 a
399 1609 504 1683 Mose
535 1611 594 1685 vel
628 1613 791 1682 instituta
825 1612 883 1687 vel
915 1623 1133 1707 praeparata
1166 1625 1203 1684 et
1229 1616 1375 1710 incepta
1405 1625 1528 1704 erant,
1564 1627 1819 1712 atemporum

221 1743 433 1836 sequiornm
457 1739 658 1811 rationibus
686 1742 801 1812 literis
826 1742 1113 1833 mandauerunt,
1138 1743 1248 1838 idque
1274 1745 1373 1818 varie
1398 1769 1441 1814 ao
1465 1744 1631 1840 pluribus
1661 1746 1799 1820 vicibus
1806 1771 1819 1837 3

222 1870 298 1940 imo
322 1893 392 1967 per
418 1873 581 1941 omnium
605 1871 794 1942 literarum
817 1871 1059 1942 hebraearum
1086 1895 1256 1968 campum
1283 1875 1360 1944 eius
1387 1875 1530 1968 generis
1551 1877 1698 1970 vestigia
1720 1899 1818 1947 nuno

222 2001 384 2095 dispersa
413 2011 507 2072 aunt
557 1997 607 2070 At
631 2023 678 2070 ex
701 2000 870 2073 omnibus
895 2001 953 2072 hie
977 2001 1236 2097 et·diliganter
1261 2003 1419 2076 collectis
1445 2014 1481 2074 et
1505 2005 1706 2100 prudenter
1735 2003 1815 2076 col-

220 2129 303 2202 latis
328 2153 439 2226 quam
464 2133 607 2227 egregia
634 2155 677 2202 ac
701 2132 811 2226 plane
833 2133 1023 2228 singularis
1050 2127 1211 2230 emergat
1236 2157 1320 2205 cum
1347 2143 1522 2204 externae
1543 2132 1684 2204 formae
1710 2144 1817 2228 aptae

221 2260 380 2331 maxime
406 2272 443 2333 et
463 2283 645 2358 congruae
666 2272 744 2333 tum
771 2263 936 2334 internae
964 2264 1106 2338 virtutis
1131 2287 1174 2333 ac
1196 2264 1357 2338 veritatis
1381 2265 1514 2359 imago,
1539 2273 1578 2337 vt
1601 2287 1678 2335 non
1703 2265 1818 2360 possis

152 2447 158 2455 .
221 2411 295 2460 non
321 2391 459 2464 altioris
489 2394 626 2488 ingenii
659 2418 750 2487 opus
776 2393 835 2464 hio
868 2395 982 2466 latens
1016 2394 1149 2490 partim
1175 2395 1347 2488 angurari
1372 2393 1507 2490 partim
1538 2395 1646 2465 certis
1675 2394 1818 2466 indiciis

224 2544 441 2617 agnoscere,
473 2525 513 2594 id
545 2524 731 2619 quomodo
763 2526 931 2600 examine
955 2525 1121 2596 instituto
1145 2525 1224 2619 ipse
1249 2536 1423 2618 expertus
1453 2523 1541 2614 sim,
1576 2546 1623 2593 ex
1654 2523 1699 2594 iis
1723 2545 1817 2620 quae

220 2651 372 2724 inferius
398 2655 584 2743 dicentur,
609 2653 775 2733 elucebit

335 2782 408 2853 Sed
431 2806 514 2854 cnm
541 2783 642 2855 seriis
667 2784 836 2856 hebraeis
863 2807 947 2856 cnm
979 2783 1127 2878 diebus,
1157 2786 1221 2881 qui
1246 2785 1375 2855 ceteris
1400 2783 1568 2856 omnibus
1596 2783 1818 2879 antiquitatis

220 2911 366 3006 populls
398 2911 566 3004 fuerunt,
603 2914 704 2986 festis
738 2913 852 2984 multa
886 2897 1127 2986 intercedant*
1145 2915 1329 2986 affinitatis
1364 2911 1527 3004 vincula,
1562 2913 1609 2984 de
1641 2914 1818 2990 micenis

220 3039 398 3115 fastorum
425 3055 591 3120 veterum
619 3046 734 3114 causis
759 3035 878 3138 porro
895 3043 1074 3137 quaedam
1103 3043 1264 3140 praefari
1289 3045 1403 3116 iuuat.
1452 3041 1538 3114 Non
1567 3043 1732 3118 nltimam
1756 3042 1818 3116 hic

83 3227 87 3237 ,
221 3171 400 3244 enarrabo
426 3197 591 3246 causam:
622 3173 714 3244 haee
735 3175 838 3253 ‚enim
868 3175 907 3242 in
938 3173 1096 3245 hominis
1130 3185 1299 3269 tempora
1330 3172 1511 3244 nobiliora
1543 3174 1730 3270 animique
1761 3175 1817 3245 sui

221 3298 368 3374 elationi
401 3325 445 3378 aa
477 3325 602 3375 rernm
636 3324 785 3377 suarum
820 3301 1021 3374 labentium
1054 3305 1308 3394 instaurationi
1340 3303 1502 3373 tenentia
1534 3303 1756 3398 distinguere
1780 3313 1818 3375 et
1918 3351 1921 3358 ·

222 3429 382 3502 stabilire
408 3435 602 3504 annitentis
626 3430 760 3505 natural
789 3430 924 3504 arcani
947 3433 1056 3526 latet,
1090 3433 1136 3504 de
1161 3430 1234 3528 qud
1262 3431 1427 3527 pluribus
1451 3433 1571 3504 dicere
1601 3433 1710 3504 huius
1740 3457 1817 3505 non

221 3567 274 3626 est
307 3559 387 3632 loci.
448 3563 520 3634 Sed
554 3587 647 3659 quae
680 3567 825 3634 interno
857 3563 944 3634 hnic
977 3562 1094 3634 motui
1124 3564 1287 3634 humano
1321 3563 1544 3633 extrinsecus
1576 3557 1817 3635 occurrebant

220 3705 349 3760 causae
372 3691 532 3765 sormam
555 3682 847 3784 constituentes,
862 3703 937 3768 tres
962 3694 1190 3789 potissimum
1215 3693 1285 3762 hae
1308 3701 1410 3762 sunt:

279 3862 282 3870 ·
333 3813 923 3918 Primum,quae1omnino*fnit
948 3822 1138 3896 hominum
1165 3821 1499 3916 antiquissimorum
1525 3823 1637 3914 ratio,
1671 3834 1710 3898 vt
1731 3824 1816 3895 eni·
1864 3814 1866 3820 ’

219 3968 302 4018 mua
325 3941 490 4046 ipsorum
509 3956 681 4024 externis⁴
695 3951 854 4028 motibus
869 3953 923 4023 ‘aa
937 3953 1048 4048 signis
1073 3941 1245 4022 facillime
1266 3975 1309 4020 ac
1330 3951 1526 4022 tenerrime
1546 3951 1816 4046 percelleretur,
1917 3969 1919 3974 '

219 4077 349 4148 eadem
378 4091 419 4156 vt
449 4091 619 4177 tempora
653 4069 832 4178 quaedain
865 4081 996 4156 'rttnndi
1009 4145 1012 4152 .
1026 4069 1094 4154 seu
1124 4069 1280 4156 naturae
1304 4077 1486 4152 externae
1518 4067 1815 4155 conuersiombus
1879 4157 1884 4166 ,

220 4213 257 4274 et
286 4197 600 4288 ·vioicsltndinibus
637 4213 838 4283 maioribus
873 4201 1048 4307 insignita
1078 4233 1181 4285 sama
1200 4221 1255 4281 'et
1286 4199 1385 4281 'testa
1423 4209 1646 4288 haberentur
1684 4213 1815 4284 effecit.

220 4331 427 4432 Quaasquo
456 4343 571 4436 magis
595 4341 740 4436 sponte'
755 4338 1070 4432 subnascuntur,
1104 4361 1150 4411 eo
1175 4339 1257 4436 plns
1282 4337 1461 4436 latiusque
1491 4343 1589 4438 apud
1617 4321 1816 4416 vetustissi-

220 4459 487 4563 mos'qnosqoe
511 4457 831 4565 pepulosialent1'3
856 4480 1019 4564 ortaque¹
1032 4457 1129 4540 ἰῆἀεῗ
1145 4479 1201 4540 est
1225 4495 1373 4565 magna,
1396 4453 1815 4566 qni'eadeln'tempora

219 4593 432 4665 nationibus
455 4599 614 4669 maxime
630 4587 848 4671 “dissitis-ef
866 4600 1018 4669 diuersis
1036 4593 1340 4671 scontinuovsesu
1372 4610 1475 4692 sent,
1496 4579 1713 4670 constantia
1742 4601 1814 4670 ad·

221 4721 415 4794 mirabilis«
436 4721 504 4796 ¹Et
530 4727 635 4798 multi
658 4719 815 4824 ‘quidem‘
836 4727 963 4824 neq'ue
983 4727 1160 4822 ignobiles
1190 4711 1330 4821 poptili'
1344 4730 1412 4800 hob
1436 4732 1535 4801 intra
1561 4729 1651 4800 tine's
1676 4729 1814 4801 substi-

218 4859 359 4941 terunt,¹
379 4853 504 4947 quales
526 4869 613 4928 sunt
636 4857 731 4948 lndl,
749 4860 816 4953 qui
841 4849 1042 4932 secundam
1059 4851 1194 4926 Mentis
1215 4857 1312 4952 leges
1332 4839 1595 4954 simplicissima
1612 4859 1703 4928 haec
1721 4859 1827 4930 festa·

219 4973 573 5076 sela-'quidemgsed
592 4985 814 5084 amplissime
834 4985 984 5058 anibitn·
999 4983 1100 5061 velut
1123 4988 1267 5083 integra
1287 4987 1535 5084 inuiolataqua
1558 4987 1824 5078 obseruabant,

1387 5129 1410 5197 2
