4826 6178
1021 642 1076 720 25

249 841 394 911 mesti'ca
421 837 591 928 urbsistit,
617 848 658 912 vt
683 837 841 926 Pascha,
873 837 935 910 sed
962 838 1075 910 totius
1090 835 1254 908 ciuitatis
1282 835 1524 931 expiationem
1551 862 1725 936 sacraque
1754 842 1838 914 huic

249 971 313 1042 fini
339 969 572 1040 inseruieutia
597 967 741 1063 publiea
763 969 903 1071 'poseit3
939 978 977 1040 vt
997 976 1103 1038 'tanto
1129 965 1312 1058 Paschatis
1337 967 1409 1040 diei
1433 969 1610 1062 grauitate
1636 973 1837 1063 antecellat,

248 1111 384 1197 quanto
420 1101 554 1172 mensis
586 1099 759 1194 septimus
792 1098 911 1192 primo
946 1098 1170 1192 (quanquam
1207 1099 1321 1170 serius
1353 1097 1511 1187 Pascha,
1546 1123 1632 1172 cum
1666 1102 1838 1176 historico

249 1250 356 1300 sensu
389 1231 584 1300 adauctum
620 1240 730 1324 esset,
750 1227 962 1322 *aitpopulo
996 1225 1111 1298 multo
1138 1226 1284 1296 maioris
1309 1226 1435 1298 haberi
1465 1227 1608 1322 coepit).
1664 1229 1752 1306 Les.
1781 1233 1841 1313 16.

249 1373 310 1450 23,
333 1363 496 1442 26-32.
521 1361 725 1450 Νωηζιρς),1
741 1369 886 1446 7411.-
933 1357 1055 1453 thue
1073 1379 1209 1428 nornen
1235 1372 1394 1462 rampogen¹
1416 1371 1484 1433 :sta
1512 1359 1591 1428 dias
1615 1361 1839 1453 expiationis

247 1513 381 1560 recena:
399 1500 474 1578 est,
502 1491 555 1562 ita
580 1491 691 1560 notio.
706 1487 787 1560 lasti
813 1489 886 1560 diei
911 1487 1025 1560 huius.
1043 1509 1143 1573 urere
1170 1487 1328 1558 mosaica
1356 1497 1428 1578 cst,
1465 1497 1502 1560 vt
1526 1484 1657 1558 Mosen
1682 1491 1841 1584 primum

248 1643 331 1690 eum
366 1621 562 1710 instituime
589 1644 663 1690 uon
697 1621 810 1712 possis
842 1643 916 1690 non
951 1640 1174 1712 agnoscere..
1206 1617 1265 1686 Ex
1290 1627 1412 1690 vetere
1438 1629 1562 1688 tamen
1585 1621 1840 1714 superstitione

247 1751 294 1819 in
308 1751 446 1846 populo
466 1746 616 1820 seruatis
639 1751 729 1822 ritus
754 1751 903 1846 quidam
930 1751 964 1820 ei
987 1749 1170 1838 adhaesit,
1202 1769 1310 1844 quarn
1337 1747 1453 1818 inuito
1479 1746 1583 1818 Mose
1609 1771 1630 1818 e
1657 1750 1749 1824 vitae
1776 1773 1841 1824 vsu

248 1883 439 1952 maassiae
466 1891 555 1976 puto
580 1879 915 1968 Lent·16,5-·28.
1040 1887 1044 1892 '

363 2008 402 2104 2)
428 2011 591 2106 sequitur
615 2010 749 2080 festum
770 2010 986 2105 principale,
1010 2021 1132 2121 sti-*eft
1160 2029 1206 2099 tt]
1226 2009 1264 2102 f.
1287 2007 1614 2080 tabernaculorum
1638 2011 1792 2100 dictum,
1819 2035 1841 2082 a

247 2136 320 2208 XV
344 2141 477 2209 mensis
502 2141 560 2210 die
582 2165 651 2236 per
673 2142 851 2234 integram
874 2140 1141 2224 hebdomadem
1163 2143 1434 2228 continuatum,
1458 2150 1541 2234 post
1563 2162 1690 2210 omnes
1707 2138 1840 2235 fruges,

250 2270 374 2342 vinuns
400 2293 564 2365 quoque,
590 2270 758 2342 collectas
783 2271 941 2342 laetitiae
961 2273 1082 2365 campi
1106 2273 1301 2368 gratiisque
1328 2271 1476 2365 agendis
1500 2293 1642 2340 sacrum
1651 2295 1662 2361 3
1687 2270 1747 2342 oui

362 2396 401 2496 3)
435 2411 473 2474 vt
498 2401 665 2472 cumulus
691 2413 727 2472 et
755 2401 837 2472 finis
863 2403 1026 2472 omnium
1053 2403 1192 2470 accedit
1228 2403 1308 2472 dias
1334 2415 1511 2486 octauus,
1543 2421 1707 2470 summae
1732 2401 1842 2472 laeti-

249 2531 320 2601 tiae
346 2553 468 2619 sacer,
502 2527 683 2601 nocturnal
712 2555 857 2626 quoque
888 2530 1131 2604 celebratione
1165 2531 1246 2631 (les.
1268 2544 1331 2620 30,
1359 2525 1436 2624 29.)
1461 2529 1628 2624 insignis,
1661 2530 1842 2627 adquam

248 2661 424 2756 agendam
457 2660 615 2756 undique
648 2661 775 2755 ingens
807 2661 999 2733 hominum
1029 2664 1135 2759 copia
1167 2665 1363 2754 confluxit3
1396 2659 1441 2732 cf.
1480 2660 1526 2730 de
1556 2659 1724 2732 omnibus
1758 2672 1841 2730 octo

249 2791 375 2862 diebus
397 2789 487 2864 Lev.
512 2803 573 2881 23,
595 2803 761 2872 33-43.
791 2793 900 2864 Num.
925 2805 988 2884 29,
1015 2805 1177 2876 12-38.
1228 2793 1353 2864 Serior
1378 2807 1502 2863 tamen
1527 2787 1708 2883 legislator
1731 2789 1842 2862 Deut.

252 2921 311 3011 16,
339 2930 500 3003 13-15.
525 2922 571 2992 da
597 2934 737 3019 septem
767 2931 910 2994 tantum
936 2921 1064 2994 diebus
1088 2909 1267 3019 loquitur,
1299 2923 1400 3018 quasi
1426 2931 1596 2992 octauum
1622 2918 1720 2990 hunc
1743 2919 1841 2992 diem

247 3050 477 3145 improbans,
512 3053 683 3150 idemque
715 3077 851 3124 nomen
883 3071 995 3162 nqqq.
1009 3056 1220 3150 pouegyris
1244 3051 1561 3149 frequentissima
1588 3049 1627 3118 in
1659 3045 1779 3120 Leuit.
1804 3059 1842 3120 et

247 3180 357 3253 Num.
393 3181 481 3252 huic
516 3184 589 3253 diei
625 3185 815 3280 proprium
856 3184 895 3254 in
934 3184 1101 3258 altimum
1140 3185 1325 3255 Paschatis
1368 3183 1466 3254 diem
1505 3177 1696 3250 transfert:
1743 3177 1842 3274 quod

249 3324 476 3408 quantopere
502 3313 617 3384 inuiti
647 3315 860 3411 antiquitate
892 3313 1040 3406 lecerit,
1079 3315 1210 3386 exinde
1243 3336 1388 3410 quoque
1418 3321 1519 3407 patet
1550 3309 1649 3404 quod
1679 3307 1844 3380 similiter

249 3441 388 3513 Pascha
412 3439 560 3538 Azymis
585 3445 724 3516 iunctis.
739 3455 880 3540 septam
906 3455 1050 3516 tantum
1073 3446 1216 3516 dierum
1241 3465 1318 3514 esse
1343 3442 1435 3514 dixit
1459 3442 1519 3530 16,
1546 3449 1659 3522 2-8.

370 3585 407 3656 3.
458 3573 508 3644 In
533 3597 722 3646 antrorum
749 3574 837 3645 orba
869 3577 1048 3671 septimus
1079 3574 1285 3646 sabbaticus
1314 3583 1368 3643 est
1399 3572 1469 3662 ita,
1506 3580 1546 3644 vt
1580 3590 1674 3664 agar
1706 3567 1843 3638 satiuus

248 3705 451 3800 requiescat
486 3727 555 3774 uec
590 3705 659 3776 nisi
693 3706 914 3800 pauperibus
950 3707 1200 3802 depascendus
1231 3703 1459 3799 relinquatur
1494 3700 1563 3772 Ex.
1594 3711 1656 3789 93,
1688 3709 1747 3778 10.
1783 3711 1842 3777 11.

248 3833 337 3910 Les.
358 3847 418 3927 25,
443 3845 574 3927 1-7.;
597 3835 659 3930 qui
680 3846 803 3908 autem
829 3849 912 3933 post
936 3825 1077 3934 septem'
1099 3857 1214 3906 annos
1237 3835 1442 3904 sabbaticos
1466 3832 1631 3928 sequitur
1656 3829 1844 3924 quinquo-

245 3967 422 4062 gesimus,
447 3964 624 4036 iubilaeus
649 3976 704 4036 est
727 3967 774 4037 ad
799 3969 1008 4042 uniuersam
1034 3968 1224 4038 ciuitatem
1243 3962 1520 4035 restaurandam
1541 3959 1631 4032 Les.
1648 3965 1710 4049 95,
1727 3969 1844 4054 sssqq.

248 4095 309 4168 De
333 4097 464 4193 quibus
489 4119 573 4166 cum
599 4096 738 4168 nisiex
760 4098 930 4172 uniuersi
956 4099 1147 4168 ciuitatum
1174 4096 1406 4191 antiquarum
1433 4091 1641 4162 conditione
1665 4099 1749 4184 apte
1772 4089 1842 4158 dici

248 4237 423 4324 nequeat,
458 4227 506 4298 cb
532 4227 602 4298 loci
627 4229 831 4324 augustiam
862 4251 961 4299 nunc
990 4227 1136 4302 vberius
1162 4247 1271 4320 agere
1295 4245 1461 4320 quaeque
1486 4219 1616 4291 similia
1642 4221 1689 4292 ad
1717 4219 1844 4290 turbas

247 4359 436 4430 ciuitatum
463 4359 598 4430 sensim
630 4359 788 4431 oriturus
813 4357 993 4428 tollendas
1019 4369 1056 4429 et
1084 4380 1199 4428 nouas
1223 4353 1367 4425 tabulas
1397 4354 1433 4427 vi
1460 4353 1669 4446 impetratas
1699 4349 1844 4420 euitan-

250 4489 314 4559 das
336 4509 359 4558 a
382 4485 572 4583 Lycurgo,
597 4488 731 4560 Solone
756 4461 907 4584 aliisque
932 4486 1198 4582 legislatoribus
1226 4485 1384 4580 antiquis
1414 4485 1577 4554 instituta
1606 4489 1710 4568 sunt,
1736 4457 1841 4548 com·

249 4641 382 4715 parare
409 4621 553 4689 omitto:
588 4621 674 4689 satis
692 4629 747 4689 est
770 4620 972 4708 monuisse,
997 4628 1164 4688 extremo
1190 4617 1261 4686 hoc
1287 4613 1425 4685 calculo
1452 4611 1573 4682 omnia
1597 4609 1649 4679 ita
1671 4629 1844 4679 cousum-

252 4749 365 4840 mari,
391 4759 431 4821 vt
453 4735 626 4824 nihil'vel
653 4749 778 4820 deesse
803 4749 862 4824 vel
885 4749 971 4820 addi
995 4745 1101 4844 poss'e
1127 4747 1303 4820 videatur.
1556 4846 1559 4854 Ι

364 4877 418 4953 Ac
441 4879 607 4974 prolecto
633 4879 837 4953 aedificium
866 4880 917 4951 sic
944 4887 1170 4950 exstructum
1201 4877 1301 4950 vides
1324 4871 1498 4982 simplex,
1525 4869 1727 4958 exeplsum,
1755 4889 1845 4962 per-

254 5008 398 5082 lectum.
452 5009 589 5084 Omnia
621 5023 661 5089 vt
693 5035 765 5086 vno
791 5011 893 5106 quasi
926 5033 948 5081 e
981 5011 1109 5106 spiritu
1140 5009 1339 5102 prodeunt-
1357 5015 1542 5098 vuamqu'e
1572 5005 1846 5095 repraesentant
