4826 6178
1023 629 1046 705 ⁷
1134 603 1137 612 ,

233 849 326 924 qaae
355 824 470 898 Indis·
489 847 557 920 per
587 847 715 898 omnes
748 845 890 898 menses
919 833 1108 921 nequeas
1137 847 1236 896 nona
1265 826 1452 906 colebatur
1471 826 1524 922 ¹),
1552 829 1662 929 lupae
1687 835 1825 904 sancti-

233 969 345 1035 tatem
380 957 637 1028 Hebraeorum
674 977 819 1050 qnoque
854 955 1294 1030 anintis¹2retustissimam
1328 958 1543 1048 inhaesisse,
1584 979 1621 1030 a⁷
1642 958 1825 1034 Paschatis

232 1087 282 1158 at
303 1082 647 1168 Tabernactdornm
677 1085 760 1156 festi
789 1087 932 1155 radone
949 1086 1195 1180 ¹corispiomrm
1226 1086 1277 1157 fit.
1327 1087 1431 1159 Haec
1457 1091 1553 1160 enim
1583 1085 1676 1186 leste
1703 1111 1825 1162 annua

228 1217 447 1314 'grauissima
481 1239 552 1286 our
581 1215 704 1285 ambo'
722 1213 832 1311 pleni
862 1215 1083 1310 splendente·
1109 1215 1208 1288 luni
1228 1217 1410 1288 celebrata
1445 1220 1540 1308 sint,-
1569 1215 1715 1296 oausam
1747 1245 1824 1294 non

233 1347 302 1418 nisi
329 1367 376 1419 ex
403 1344 483 1442 ipsi
508 1345 699 1442 plenilunii
723 1345 898 1440 religione
925 1347 1082 1442 quadam
1109 1345 1326 1443 perantiqui
1349 1350 1464 1443 repeti
1489 1368 1607 1444 posse,
1630 1373 1678 1420 ex
1702 1353 1825 1422 omni-

232 1479 301 1549 bus
330 1502 351 1548 e
378 1477 695 1548 commentationis
725 1477 835 1549 lartius
869 1476 962 1546 serie
992 1477 1162 1570 deinceps
1191 1479 1353 1548 dicendis
1385 1471 1488 1568 satis,
1518 1473 1562 1548 ni
1585 1475 1718 1571 sellom]
1744 1479 1825 1554 elu-

232 1607 343 1678 cebit:
375 1633 419 1678 ac
443 1631 490 1678 ne
513 1609 593 1703 quis
616 1607 713 1678 forte
740 1605 792 1677 ei*
809 1607 854 1676 de
877 1628 918 1676 re
946 1605 1097 1696 dubitet,
1124 1606 1274 1696 Pascha,
1301 1609 1347 1697 ei,
1372 1579 1394 1676 a
1418 1629 1492 1702 quo
1518 1607 1615 1679 sorte
1637 1603 1734 1681 'stato
1758 1637 1823 1706 suo

231 1747 400 1832 tempore
436 1759 510 1808 non
548 1747 647 1808 esset·
673 1746 884 1832 peractum,
928 1737 1227 1814 cadomensis
1266 1729 1447 1832 sequentis
1480 1738 1540 1830 die
1575 1742 1825 1834 paragendum

230 1867 342 1937 fnisse
367 1867 477 1938 Num.
494 1881 530 1960 9,
554 1879 705 1960 9-14.,
731 1878 768 1938 et
793 1867 1047 1938 lerobeamum
1073 1864 1411 1938 Tabernaculorum
1437 1865 1518 1938 festi
1544 1878 1700 1964 tempus,
1726 1873 1825 1966 quod

231 2011 369 2082 temere
392 2008 541 2068 mutare.-
556 1998 694 2089 maluit,
719 1999 757 2068 in
783 1998 940 2068 eundem
964 1997 1099 2066 mensis
1117 1996 1306 2091 'sequentis
1330 1991 1428 2066 diem
1450 1998 1673 2070 transtulisse
1699 2001 1823 2098 1Reg.

233 2142 293 2220 19,
318 2141 380 2210 32.
405 2129 651 2224 reputandum
677 2138 740 2198 est.
790 2126 869 2198 Nec
894 2149 970 2196 non
994 2125 1068 2196 huc
1090 2127 1248 2221 pertinet
1272 2126 1356 2197 festi
1379 2126 1536 2198 Purim
1560 2130 1699 2223 persice
1725 2132 1823 2226 dicti,

231 2259 328 2354 qnod
361 2257 444 2328 sero
477 2259 676 2329 admodum
710 2268 880 2352 tempore
913 2255 1071 2327 dnobus
1087 2255 1157 2326 illis
1189 2255 1347 2354 antiquis
1374 2259 1584 2328 adiunctum
1611 2268 1684 2350 est,
1711 2261 1824 2334 solers

231 2387 498 2484 contemplatio.
548 2389 693 2460 Scilicet
713 2409 797 2458 cum
823 2388 888 2478 rei,
914 2389 972 2456 cui
995 2387 1123 2457 Parim
1141 2386 1273 2457 festum
1300 2399 1421 2457 ortum
1445 2409 1552 2457 suum
1575 2387 1693 2482 debet,
1715 2415 1826 2486 prae-

233 2519 328 2590 clare
352 2531 474 2616 gestae
500 2520 675 2590 memoria
701 2519 753 2587 ita
775 2516 950 2611 paulatim
974 2513 1224 2604 intercidisset,
1247 2526 1285 2591 vt
1311 2515 1469 2611 quodie
1494 2517 1581 2587 olim
1601 2529 1701 2612 gesta
1720 2534 1824 2614 esset,

231 2651 368 2720 nentini
404 2649 560 2745 amplius
592 2650 725 2718 diserte
761 2649 882 2719 dicere
913 2647 1058 2736 liceret,
1094 2623 1228 2716 festum
1263 2643 1333 2715 hoc
1365 2646 1416 2715 ita
1446 2647 1651 2718 institutum
1683 2662 1756 2742 est,
1789 2667 1826 2727 vt

232 2779 357 2855 Martii
382 2780 515 2851 mensis
541 2779 619 2850 dies
648 2779 811 2848 decimus
842 2785 992 2872 quartus
1017 2785 1055 2844 et
1080 2776 1227 2871 quintus
1257 2776 1335 2844 siue
1367 2775 1475 2870 plena
1500 2775 1589 2847 luna
1619 2778 1825 2876 eligeretur,

231 2912 366 3008 quippe
391 2933 465 3008 quo
490 2920 657 3005 tempore
682 2909 801 3005 aptius
825 2907 925 2978 haud
950 2905 1056 2976 facile
1079 2895 1361 3000 inieniretur2).
1410 2907 1537 3002 ltaque
1561 2907 1693 3004 plenae
1715 2909 1825 2984 lunae

288 3170 321 3262 1)
345 3195 375 3240 r.
396 3175 514 3242 Manae
544 3179 648 3260 legum
678 3175 794 3241 librum
816 3169 880 3257 [tv.
908 3174 946 3235 sl.
966 3181 1020 3238 25.
1050 3175 1102 3253 cll.
1122 3179 1174 3236 95.
1197 3179 1249 3236 96.
1291 3174 1462 3257 Aegyptios
1490 3173 1663 3257 plenilunio
1693 3171 1824 3239 coluisse

344 3290 507 3355 lablonaki
534 3289 624 3358 docet
653 3293 686 3356 in
717 3291 859 3354 Pantheo
882 3289 1014 3372 Aegypt.
1035 3289 1075 3350 T.
1097 3297 1127 3356 3.
1157 3290 1276 3371 proleg.
1301 3313 1331 3372 p.
1351 3289 1420 3370 Ll.;
1450 3287 1489 3351 de
1512 3308 1623 3352 corum
1649 3287 1823 3352 neomeniis

346 3403 386 3468 cl.
406 3405 617 3470 Maimonidee
638 3408 673 3469 in
697 3408 789 3470 More
811 3403 986 3468 Neboehim
1009 3425 1042 3483 p.
1064 3404 1137 3464 488.
1160 3423 1200 3464 ex
1223 3403 1362 3466 translat.
1383 3403 1532 3465 Buxtorl.
1554 3403 1649 3464 Basil.
1673 3407 1766 3466 1629.

287 3515 321 3602 2)
345 3517 492 3583 Breuiter
512 3519 563 3582 hic
584 3520 812 3604 pronuntiaui,
834 3539 915 3603 quae
938 3518 1065 3582 vberius
1087 3514 1301 3578 demonstrare
1323 3517 1427 3578 minus
1448 3517 1543 3580 huius
1564 3501 1627 3580 loci
1647 3535 1714 3579 ease
1735 3514 1824 3600 vide·

346 3637 456 3697 batur:
478 3631 518 3696 de
540 3634 626 3697 lestis
648 3635 731 3696 enim
754 3632 906 3696 hebraicis
927 3640 998 3712 post
1020 3631 1148 3694 exilium
1166 3629 1395 3714 Babylonicum
1418 3631 1495 3694 ortis
1517 3630 1569 3692 hic
1590 3650 1655 3692 non
1674 3629 1823 3715 estquod

346 3747 529 3831 disputem.
554 3748 599 3811 Vt
620 3734 738 3825 tamen,
760 3745 902 3830 quaeda
925 3745 1053 3809 Esterae
1074 3745 1174 3824 libro,
1196 3765 1260 3828 quo
1283 3745 1391 3808 Parim
1415 3747 1487 3809 isati
1508 3743 1578 3827 ipso
1600 3747 1661 3807 hoc
1681 3757 1823 3828 tempore
1910 3779 1913 3788 ι

294 3894 298 3902 ·
346 3859 526 3926 celebrandi
548 3863 715 3925 auctoritas
737 3862 881 3939 ιιῐιίιιιι·,ι
895 3860 1046 3936 centiam,
1067 3855 1176 3941 paucis
1198 3859 1405 3941 complectar,
1432 3859 1548 3920 librum
1571 3861 1656 3922 hunc
1675 3857 1729 3921 diu
1751 3873 1824 3942 post

344 3977 471 4040 Esterac
493 3974 615 4040 obitum
642 3997 757 4060 resque
780 3968 827 4038 sb‘
843 3975 888 4061 'aa
904 3975 948 4036 *ia
977 3973 1086 4037 Persii
1100 3975 1184 4038 olim
1207 3977 1367 4056 praeclare
1396 3985 1496 4055 gestas
1525 3971 1609 4035 intra
1630 3972 1824 4038 Palaestinae

345 4103 447 4152 tarrae
468 4087 545 4153 fines
567 4109 606 4152 eo
627 4101 769 4172 tempore
783 4091 942 4172 *scriptun
965 4102 1060 4172 puto,
1091 4107 1157 4173 qno
1180 4089 1330 4152 victoriae
1359 4087 1398 4150 de
1423 4087 1526 4149 Persia
1548 4087 1624 4149 olim
1646 4099 1822 4170 reportatae

234 4227 242 4234 ·
343 4193 526 4268 memoriam
546 4201 602 4265 die
614 4193 896 4272 lasto‘innouaod'o
912 4199 1246 4268 recolereconsultum
1263 4199 1440 4283 sidereum*
1453 4201 1691 4284 seculorempe
1709 4213 1822 4285 quarto

230 4331 240 4360 ‘—
319 4304 741 4400 e·n'0t.1vetrer‘no‚-·qno
763 4329 867 4380 nonus
887 4315 1014 4380 Iudaeis
1032 4311 1206 4380 restaurata
1220 4315 1350 4378 ciuitate
1371 4307 1531 4398 rebusque
1552 4315 1687 4396 publicis
1706 4314 1823 4378 floren·

339 4431 430 4494 tibus
451 4421 788 4510 onimne'mddcbatar't
802 4421 1185 4513 ,ad'ttcgyptioa'litdneos
1207 4431 1319 4492 tearum
1342 4423 1408 4494 l'toc'
1426 4432 1475 4496 val
1494 4420 1594 4492 sartis
1616 4441 1822 4510 propagatum

343 4540 421 4608 'eata¹
446 4535 741 4612 vincentianam·
753 4543 887 4608 recentis
908 4544 1059 4626 temporis
1074 4541 1197 4610 indoles
1214 4545 1265 4606 sui
1283 4535 1400 4624 ingenii
1412 4543 1530 4606 festum
1546 4551 1685 4624 poscere.
1728 4541 1822 4606 Tem·

231 4672 254 4700 ·¹
290 4687 294 4696 ·
346 4671 405 4739 pne
422 4653 527 4720 salem
544 4666 574 4718 et
590 4655 683 4736 diam3
705 4667 844 4742 queres,
860 4649 943 4719 iamt
958 4655 1044 4720 hand
1063 4653 1158 4720 dubie
1172 4648 1286 4732 minor,
1301 4645 1385 4720 *otini
1400 4655 1486 4718 Sucia
1500 4667 1585 4735 gesta
1606 4665 1696 4734 essct,
1707 4668 1821 4721 aucto·

317 4784 332 4814 ³·
347 4757 506 4834 remlnen'
526 4771 734 4848 sciniatesne?
748 4775 839 4855 plura
858 4766 1068 4849 dicomjddda
1089 4783 1173 4853 patet
1194 4763 1280 4852 quad
1299 4770 1360 4832 toti
1379 4764 1461 4832 libr'o
1482 4769 1561 4832 nihil
1579 4781 1710 4852 prorant
1735 4769 1822 4855 quod

245 4895 274 4926 ¹*
300 4870 477 4964 'a'tempulr
491 4873 758 4952 mnttmdofi'ni‘a
771 4877 1122 4954 taetra-semidictum
1144 4877 1379 4971 decimitertii,
1401 4883 1506 4968 quarti
1527 4885 1560 4946 et*
1580 4884 1821 4966 quintimentio

346 4993 427 5080 (lap.
448 5001 479 5061 9.
505 5000 579 5062 satia
605 4996 737 5082 repetita
758 4995 798 5060 ad
820 4997 887 5060 dies
908 5008 1029 5060 tantum
1056 4999 1152 5060 festos
1173 4997 1377 5062 stabiliendos
1397 4999 1483 5064 ladit.
1529 4995 1665 5060 Martius
1686 4993 1822 5082 deniqne

459 5115 462 5122 “
1383 5110 1439 5193 2*,
