4826 6178
1311 575 1313 582 Α
1358 593 1385 670 6

584 807 624 870 vt
647 806 732 867 sunt
755 795 836 866 lndi
864 793 1020 862 aliorum
1046 813 1191 888 quoque
1216 789 1352 862 rituum
1377 783 1503 860 ultima
1527 785 1739 882 antiquitate
1768 797 1933 858 ortormn
1962 789 2174 862 tenaciores.

585 927 657 998 Sed
684 925 782 1019 apud
806 921 962 1018 populos
988 921 1143 1017 aliquot,
1169 921 1231 1016 qui
1255 919 1340 990 licet
1364 917 1470 1013 parui
1494 939 1650 991 nurnero
1676 919 1785 1012 (quae
1810 919 1908 988 enim
1934 923 2030 990 iuter
2051 919 2176 990 borni·-

585 1077 649 1125 nes
673 1053 853 1124 nobiltera
879 1052 1079 1143 exsistunt,
1115 1073 1135 1120 e
1167 1051 1290 1147 paruis
1322 1047 1465 1118 circulis
1489 1046 1656 1141 primitus
1681 1049 2002 1141 progrediuntur),
2036 1060 2179 1120 mature

586 1187 632 1256 ad
657 1184 786 1254 altiora
807 1197 1034 1275 assurgentes
1055 1177 1274 1252 conscientid
1294 1179 1394 1275 quasi
1412 1177 1617 1272 superbiori
1639 1177 1769 1250 virium
1792 1201 1941 1248 suarum
1959 1179 2044 1250 elati
2063 1192 2179 1268 erant,

587 1315 702 1386 altera
728 1337 816 1386 mox
840 1312 1009 1384 successit
1034 1310 1154 1382 classis
1180 1310 1374 1398 festorum,
1403 1319 1441 1382 vt
1465 1309 1516 1378 ita
1543 1308 1681 1396 dicam,
1706 1305 1981 1398 historicorum,
2008 1331 2177 1380 ererum

587 1469 676 1540 quas
700 1443 758 1518 vel
783 1449 967 1538 gesserant
993 1439 1049 1512 vel
1075 1440 1216 1532 experti
1247 1447 1352 1508 erant
1385 1447 1600 1532 magnarum
1635 1436 1820 1508 memorii.
1879 1439 1936 1510 lta
1965 1438 2181 1534 plerumque

586 1573 678 1643 festa
700 1595 770 1666 pro
790 1568 940 1642 diuersis
965 1567 1184 1662 populorum
1208 1566 1292 1638 fatis
1311 1569 1528 1673 diuerseque
1554 1589 1683 1638 eorum
1708 1566 1857 1660 ingenio
1881 1569 2024 1638 diuersa
2049 1579 2086 1642 et
2111 1591 2182 1663 pe·

587 1702 736 1784 euliaria
762 1699 1014 1768 nascebantur.
1065 1697 1144 1768 Nec
1170 1708 1292 1776 tamen
1317 1709 1511 1794 utrumque
1543 1696 1719 1768 festorum
1755 1719 1869 1790 genus
1902 1697 1994 1767 adeo
2028 1699 2182 1792 disparis

587 1843 641 1902 est
666 1829 817 1920 indolis,
851 1840 891 1904 vt
922 1827 1015 1898 fasta
1048 1851 1096 1898 ex
1127 1827 1196 1898 hoc
1229 1826 1331 1898 sonte
1364 1839 1446 1898 orta
1477 1851 1561 1898 cum
1596 1827 1858 1922 antiquioribus
1882 1826 1952 1898 illis
1979 1827 2183 1900 coalescere

587 1970 792 2054 nequeant,
826 1981 910 2030 cum
937 1958 1091 2028 deorum
1117 1959 1280 2052 potentia
1310 1981 1353 2030 ac
1378 1959 1494 2033 virtus
1518 1981 1602 2030 cum
1633 1959 1672 2028 in
1703 1955 1836 2028 natura
1865 1967 1944 2028 tum
1968 1957 2009 2028 in
2033 1956 2184 2030 historia

588 2089 716 2160 eadem
742 2089 949 2160 sentiretur.
1008 2086 1195 2192 Facillime
1222 2090 1342 2184 potius
1368 2089 1466 2184 apud
1493 2097 1633 2162 veteres
1657 2085 1790 2158 festum
1817 2109 1864 2158 ex
1889 2084 2039 2158 historiis
2061 2097 2182 2158 ortum

582 2215 777 2294 =vetustiori
808 2215 879 2290 alit
904 2241 925 2287 e
955 2216 1063 2288 causd
1094 2229 1175 2288 orto
1208 2220 1326 2291 aerius
1349 2219 1456 2290 inniti
1485 2240 1604 2314 eoque
1627 2215 1748 2286 fulciri
1774 2215 1931 2306 solebat,
1967 2217 2182 2310 praesertim

588 2350 694 2438 sieo,
724 2372 797 2444 quo
820 2347 954 2418 festum
979 2347 1156 2418 eiusmodi
1179 2347 1357 2444 populare
1382 2343 1575 2444 quotannis
1602 2346 1779 2418 celebrari
1801 2357 1972 2442 coeptum
1995 2357 2061 2438 est,
2086 2357 2182 2420 tem-

589 2501 680 2574 pore
702 2478 774 2548 diei
799 2477 964 2548 certioris
989 2479 1167 2548 memoria
1191 2479 1266 2550 iam
1290 2477 1542 2569 intercidisset,
1566 2479 1606 2550 id
1630 2477 1729 2574 quod
1753 2477 1801 2546 ad
1821 2499 1903 2548 sera
1927 2500 2039 2572 usque
2062 2475 2184 2548 secula

590 2608 761 2678 accidisse
787 2607 962 2702 exemplis
987 2608 1072 2676 satis
1099 2599 1220 2677 mullis
1251 2619 1480 2704 compertum
1510 2618 1574 2678 est.
1636 2607 1743 2701 Quae
1768 2607 1916 2701 quidem
1943 2608 2067 2682 omnia
2090 2604 2183 2678 festa

590 2745 774 2830 utcunque
799 2746 880 2805 orta
906 2746 942 2806 et
968 2747 1169 2831 propagata
1192 2737 1238 2808 ad
1258 2723 1442 2831 ingentem
1467 2761 1578 2834 vsque
1604 2759 1798 2808 numerum
1825 2747 2036 2830 vastamque
2061 2735 2185 2810 varie-

590 2876 703 2938 tatem
734 2867 859 2960 augeri
888 2876 1076 2959 poterant,
1109 2869 1244 2960 partim
1270 2865 1513 2963 p'olytheismo
1542 2877 1748 2958 crescente,
1782 2869 1915 2962 partim
1941 2889 2010 2962 pro
2034 2865 2187 2958 diuersis

590 2996 718 3092 populi
748 2994 936 3066 ordinibus
961 2995 1187 3089 negotiisque
1213 2997 1365 3068 diuersis
1395 2999 1505 3070 sacris
1534 2998 1723 3088 institutis,
1760 3006 1800 3080 vt
1826 2995 1915 3066 alias
1940 3007 2080 3068 taceam
2109 2995 2186 3090 eius

590 3124 734 3219 generis
762 3147 898 3194 causae
958 3123 1007 3194 At
1038 3147 1059 3194 e
1095 3123 1219 3216 tantai,
1255 3149 1348 3222 quae
1377 3127 1532 3200 subinde
1558 3125 1835 3215 incalescebat,
1851 3125 1959 3208 nole
1987 3123 2089 3207 uastis
2117 3124 2187 3196 ob-

590 3251 768 3349 scurique
800 3253 949 3349 eiusque
978 3249 1085 3326 ruind
1113 3255 1289 3352 paulatim
1317 3258 1514 3352 incipiente
1545 3256 1703 3352 denique
1735 3255 1844 3328 altior
1878 3256 1956 3338 siue
1986 3253 2187 3350 prophetae

591 3385 668 3456 siue
695 3385 910 3480 legislatoris
939 3385 1127 3456 cuiusdam
1155 3409 1259 3458 mens
1286 3407 1475 3482 emergere
1501 3397 1674 3484 poterat,
1700 3384 1800 3458 noud
1823 3387 1859 3460 vi
1886 3385 2049 3478 dispersa
2079 3381 2188 3454 colli-

591 3535 679 3608 gens
708 3525 864 3610 apteque
892 3515 1105 3610 disponens,
1139 3515 1277 3586 caduca
1305 3526 1343 3586 et
1371 3541 1502 3588 manca
1531 3527 1757 3606 restaurans,
1796 3515 1922 3596 omnia
1947 3537 2019 3588 vno
2034 3512 2187 3594 ,lumine

592 3643 806 3714 collustrans
838 3668 981 3739 unoque
1013 3655 1144 3728 tenore
1176 3645 1431 3742 complectens.
1482 3643 1603 3740 Atque
1637 3645 1685 3716 ad
1717 3643 1789 3716 tale
1824 3644 1970 3741 quidem
2001 3639 2186 3736 fastigium

590 3772 700 3846 serias
726 3771 902 3844 hebraeas
926 3776 1005 3846 siue
1033 3778 1154 3868 potius
1180 3777 1357 3852 mosaicas
1382 3743 1599 3872 peruenisse,
1620 3784 1730 3870 puto,
1756 3773 1988 3856 admirabiles
2012 3772 2188 3844 hactenus

592 3911 630 3970 et
655 3903 872 3997 singulares,
912 3927 1005 3999 quae
1033 3905 1196 4000 ipsarum
1227 3907 1343 3980 virtus
1373 3929 1458 3978 cnm
1491 3915 1703 4002 temporum
1736 3906 1918 3977 seriorum
1952 3898 2087 3979 inunt
2114 3899 2188 3974 ob·

592 4034 824 4123 conatast,
848 4033 964 4128 qualis
991 4033 1119 4123 fuerit,
1147 4035 1220 4111 ism
1238 4057 1313 4130 per
1334 4007 1707 4132 singulaeupositurn
1731 4035 1895 4130 accipite.

706 4159 734 4230 1.
784 4160 828 4232 ln
855 4160 1048 4246 Hebraeos
1079 4162 1179 4244 enim
1210 4166 1242 4236 si
1271 4166 1424 4260 propius
1447 4167 1663 4254 intuemur„
1686 4163 1803 4246 multa
1823 4164 1986 4260 ‚quidum¹
2002 4161 2101 4259 apud
2126 4179 2189 4230 eos

593 4287 868 4383 deprehendere
903 4291 989 4365 licet
1020 4289 1214 4371 feriarum'
1234 4294 1404 4400 primitus
1425 4319 1502 4375 ex,
1515 4294 1609 4378 solo,
1626 4304 1984 4402 naturaevlexternue
2011 4299 2133 4375 metu:
2146 4311 2189 4363 π

592 4417 672 4513 lege
708 4429 874 4490 omum
911 4421 1068 4516 vestigia.
1129 4421 1236 4513 Quae
1268 4424 1299 4499 si
1327 4423 1479 4532 diuerso
1512 4448 1632 4508 sensu
1654 4423 1776 4508 sedus,
1799 4421 2195 4530 superimponemus

594 4548 755 4626 tenebris
792 4547 968 4648 obuoluta
1003 4571 1046 4620 ac
1081 4552 1351 4644 paenedeleta
1379 4567 1483 4646 sunt,
1522 4553 1842 4638 suhutiasntaman
1873 4549 2083 4634 ,examinate
2114 4567 2189 4620 nou

594 4686 746 4772 possunt
779 4699 856 4768 non
886 4689 923 4748 et
950 4679 1099 4774 “gnossi
1130 4678 1225 4765 bene
1259 4691 1297 4755 et
1316 4683 1731 4778 urannentisprobarii
1752 4685 1874 4766 cartis.
1923 4679 2088 4756 erirnum
2117 4693 2195 4752 uste·

596 4827 663 4895 uae
689 4803 798 4881 lunae
830 4803 941 4876 serias
972 4779 1193 4898 menstruas,
1223 4831 1316 4904 quae
1349 4775 1519 4892 omnibus
1546 4814 1673 4906 priscis
1702 4784 1846 4908 populis,
1877 4805 2103 4902 sequanicae,
2126 4827 2197 4882 use

597 4935 730 5030 ligioue
763 4957 885 5008 sacrae
921 4946 1045 5026 eruut,
1079 4959 1122 5008 eo
1161 4960 1252 5010 esse,
1275 4937 1829 5047 referendqs1·faeila‚,pppapet,
1854 4937 2192 5040 qsslepsstqapteus,
